<?xml version="1.0" encoding="UTF-8"?><collection xmlns="http://www.loc.gov/MARC21/slim"><record><leader>00516nam--2200169-i-4500</leader><controlfield tag="001">000011197</controlfield><controlfield tag="002">20161230</controlfield><controlfield tag="005">20170117000956</controlfield><controlfield tag="008">060222s1000------------r-----000-0-eng-d</controlfield><datafield ind1=" " ind2=" " tag="080"><subfield code="a">621.039.534(047.1)</subfield></datafield><datafield ind1=" " ind2=" " tag="100"><subfield code="a">Achenbach, E</subfield></datafield><datafield ind1=" " ind2=" " tag="245"><subfield code="a">Analytische behandlung der zweidimensionalen warmeleitung in einem rechteckquerschnitt bei vorgegebenen randbelindungen</subfield></datafield><datafield ind1=" " ind2=" " tag="260"><subfield code="a">Julich</subfield><subfield code="b">Kernforschungsanlage Julich</subfield><subfield code="c">1975</subfield></datafield><datafield ind1=" " ind2=" " tag="300"><subfield code="a">12 p</subfield></datafield><datafield ind1=" " ind2=" " tag="490"><subfield code="a">1172</subfield></datafield><datafield ind1=" " ind2=" " tag="700"><subfield code="a">Iniotakis, N</subfield></datafield><datafield ind1=" " ind2=" " tag="CAT"><subfield code="a">SYS</subfield><subfield code="c">20170117</subfield><subfield code="h">000956</subfield></datafield></record></collection>